<?xml version="1.0" encoding="UTF-8"?><record xmlns="http://www.loc.gov/MARC21/slim" xmlns:cinclude="http://apache.org/cocoon/include/1.0" xmlns:zs="http://www.loc.gov/zing/srw/">
  <leader>00450cz  a2200133n  4500</leader>
  <controlfield tag="001">n  86099022 </controlfield>
  <controlfield tag="003">DLC</controlfield>
  <controlfield tag="005">20080420081216.0</controlfield>
  <controlfield tag="008">860620n| acannaabn          |n aaa      </controlfield>
  <datafield tag="010" ind1=" " ind2=" ">
    <subfield code="a">n  86099022 </subfield>
  </datafield>
  <datafield tag="035" ind1=" " ind2=" ">
    <subfield code="a">(OCoLC)oca01645949</subfield>
  </datafield>
  <datafield tag="040" ind1=" " ind2=" ">
    <subfield code="a">DLC</subfield>
    <subfield code="b">eng</subfield>
    <subfield code="c">DLC</subfield>
    <subfield code="d">OCoLC</subfield>
  </datafield>
  <datafield tag="100" ind1="1" ind2=" ">
    <subfield code="a">Mandel, Dorothy</subfield>
  </datafield>
  <datafield tag="670" ind1=" " ind2=" ">
    <subfield code="a">Her Uncommon eloquence, 1986:</subfield>
    <subfield code="b">CIP t.p. (Dorothy Mandel) pub. info. (printmaker and freelance writer; attended Mass. College of Art; lives in Colorado)</subfield>
  </datafield>
</record>